%% This BibTeX bibliography file was created using BibDesk.
%% http://bibdesk.sourceforge.net/


%% Created for Dale Markowitz at 2014-01-06 03:03:17 -0500 


%% Saved with string encoding Unicode (UTF-8) 



@webpage{siege,
	Date-Added = {2014-01-06 08:02:51 +0000},
	Date-Modified = {2014-01-06 08:03:17 +0000},
	Title = {Siege Manual},
	Url = {http://www.joedog.org/siege-manual/}}

@incollection{ext4android,
	Author = {Kim, Hyeong-Jun and Kim, Jin-Soo},
	Booktitle = {Frontiers in Computer Education},
	Date-Added = {2014-01-06 07:01:31 +0000},
	Date-Modified = {2014-01-06 07:01:31 +0000},
	Doi = {10.1007/978-3-642-27552-4_98},
	Editor = {Sambath, Sabo and Zhu, Egui},
	Isbn = {978-3-642-27551-7},
	Keywords = {Ext4; Filesystem performance; Android; NAND flash-based storage},
	Pages = {745-752},
	Publisher = {Springer Berlin Heidelberg},
	Series = {Advances in Intelligent and Soft Computing},
	Title = {Tuning the Ext4 Filesystem Performance for Android-Based Smartphones},
	Url = {http://dx.doi.org/10.1007/978-3-642-27552-4_98},
	Volume = {133},
	Year = {2012},
	Bdsk-Url-1 = {http://dx.doi.org/10.1007/978-3-642-27552-4_98}}

@url{yaffs,
	Date-Added = {2014-01-06 06:55:47 +0000},
	Date-Modified = {2014-01-06 06:56:12 +0000},
	Title = {Yaffs Filesystem},
	Url = {http://www.yaffs.net/}}

@url{ext4journal,
	Date-Added = {2014-01-06 06:53:52 +0000},
	Date-Modified = {2014-01-06 06:54:41 +0000},
	Title = {Ext4 Filesystem Documentation},
	Url = {https://www.kernel.org/doc/Documentation/filesystems/ext4.txt}}

@url{alarm,
	Date-Added = {2014-01-06 06:42:48 +0000},
	Date-Modified = {2014-01-06 06:43:22 +0000},
	Title = {Arch Linux on ARM},
	Url = {http://archlinuxarm.org/platforms/armv7/ti/beaglebone-black}}

@webpage{polipo,
	Date-Added = {2014-01-03 04:00:01 +0000},
	Date-Modified = {2014-01-03 04:01:02 +0000},
	Lastchecked = {1/2/2014},
	Url = {http://www.pps.univ-paris-diderot.fr/~jch/software/polipo/},
	Bdsk-Url-1 = {http://www.pps.univ-paris-diderot.fr/~jch/software/polipo/}}

@inproceedings{Lee,
	Acmid = {2500741},
	Address = {New York, NY, USA},
	Articleno = {16},
	Author = {Lee, Jongmin and Oh, Yongseok and Kwon, Hunki and Choi, Jongmoo and Lee, Donghee and Noh, Sam H.},
	Booktitle = {Proceedings of the 4th Asia-Pacific Workshop on Systems},
	Date-Added = {2014-01-02 06:20:43 +0000},
	Date-Modified = {2014-01-03 04:10:12 +0000},
	Doi = {10.1145/2500727.2500741},
	Isbn = {978-1-4503-2316-1},
	Location = {Singapore, Singapore},
	Numpages = {5},
	Pages = {16:1--16:5},
	Publisher = {ACM},
	Series = {APSys '13},
	Title = {TinyFTL: An FTL Architecture for Flash Memory Cards with Scarce Resources},
	Url = {http://doi.acm.org/10.1145/2500727.2500741},
	Year = {2013},
	Bdsk-Url-1 = {http://doi.acm.org/10.1145/2500727.2500741},
	Bdsk-Url-2 = {http://dx.doi.org/10.1145/2500727.2500741}}

@inproceedings{Kim,
	Acmid = {2448651},
	Address = {New York, NY, USA},
	Articleno = {95},
	Author = {Kim, Hyukjoong and Shin, Dongkun},
	Booktitle = {Proceedings of the 7th International Conference on Ubiquitous Information Management and Communication},
	Date-Modified = {2014-01-03 04:10:07 +0000},
	Doi = {10.1145/2448556.2448651},
	Isbn = {978-1-4503-1958-4},
	Keywords = {Android, Ext4, IO system, MLC, NAND flash, eMMC, smartphone, storage},
	Location = {Kota Kinabalu, Malaysia},
	Numpages = {7},
	Pages = {95:1--95:7},
	Publisher = {ACM},
	Series = {ICUIMC '13},
	Title = {Optimizing Storage Performance of Android Smartphone},
	Url = {http://doi.acm.org/10.1145/2448556.2448651},
	Year = {2013},
	Bdsk-Url-1 = {http://doi.acm.org/10.1145/2448556.2448651},
	Bdsk-Url-2 = {http://dx.doi.org/10.1145/2448556.2448651}}

@inproceedings{hashcache,
	Acmid = {1558986},
	Address = {Berkeley, CA, USA},
	Author = {Badam, Anirudh and Park, KyoungSoo and Pai, Vivek S. and Peterson, Larry L.},
	Booktitle = {Proceedings of the 6th USENIX Symposium on Networked Systems Design and Implementation},
	Date-Modified = {2014-01-03 04:09:59 +0000},
	Location = {Boston, Massachusetts},
	Numpages = {14},
	Pages = {123--136},
	Publisher = {USENIX Association},
	Series = {NSDI'09},
	Title = {HashCache: Cache Storage for the Next Billion},
	Url = {http://dl.acm.org/citation.cfm?id=1558977.1558986},
	Year = {2009},
	Bdsk-Url-1 = {http://dl.acm.org/citation.cfm?id=1558977.1558986}}

@inproceedings{firstclass,
	Acmid = {1853089},
	Address = {New York, NY, USA},
	Author = {Pai, Vivek S. and Badam, Anirudh and Ihm, Sunghwan and Park, KyoungSoo},
	Booktitle = {Proceedings of the 5th International Conference on Future Internet Technologies},
	Date-Modified = {2014-01-03 04:09:52 +0000},
	Doi = {10.1145/1853079.1853089},
	Isbn = {978-1-4503-0230-2},
	Keywords = {WAN acceleration, developing region, web caching},
	Location = {Seoul, Korea},
	Numpages = {5},
	Pages = {30--34},
	Publisher = {ACM},
	Series = {CFI '10},
	Title = {First-class Access for Developing-world Environments},
	Url = {http://doi.acm.org/10.1145/1853079.1853089},
	Year = {2010},
	Bdsk-Url-1 = {http://doi.acm.org/10.1145/1853079.1853089},
	Bdsk-Url-2 = {http://dx.doi.org/10.1145/1853079.1853089}}

@inproceedings{dwtraffic,
	Acmid = {1836009},
	Address = {New York, NY, USA},
	Articleno = {8},
	Author = {Ihm, Sunghwan and Park, KyoungSoo and Pai, Vivek S.},
	Booktitle = {Proceedings of the 4th ACM Workshop on Networked Systems for Developing Regions},
	Date-Modified = {2014-01-03 04:10:19 +0000},
	Doi = {10.1145/1836001.1836009},
	Isbn = {978-1-4503-0193-0},
	Keywords = {developing region, traffic redundancy, web caching},
	Location = {San Francisco, California},
	Numpages = {6},
	Pages = {8:1--8:6},
	Publisher = {ACM},
	Series = {NSDR '10},
	Title = {Towards Understanding Developing World Traffic},
	Url = {http://doi.acm.org/10.1145/1836001.1836009},
	Year = {2010},
	Bdsk-Url-1 = {http://doi.acm.org/10.1145/1836001.1836009},
	Bdsk-Url-2 = {http://dx.doi.org/10.1145/1836001.1836009}}

@inproceedings{Du,
	Acmid = {1135894},
	Address = {New York, NY, USA},
	Author = {Du, Bowei and Demmer, Michael and Brewer, Eric},
	Booktitle = {Proceedings of the 15th International Conference on World Wide Web},
	Date-Modified = {2014-01-03 04:09:46 +0000},
	Doi = {10.1145/1135777.1135894},
	Isbn = {1-59593-323-9},
	Keywords = {Cambodia, Ghana, HTTP, WWW, caching, classification, delay tolerant networking, developing regions, dynamic content, hypertext transfer protocol, measurement, performance analysis, proxy, redundant transfers, trace, world wide web},
	Location = {Edinburgh, Scotland},
	Numpages = {10},
	Pages = {771--780},
	Publisher = {ACM},
	Series = {WWW '06},
	Title = {Analysis of WWW Traffic in Cambodia and Ghana},
	Url = {http://doi.acm.org/10.1145/1135777.1135894},
	Year = {2006},
	Bdsk-Url-1 = {http://doi.acm.org/10.1145/1135777.1135894},
	Bdsk-Url-2 = {http://dx.doi.org/10.1145/1135777.1135894}}
